@inproceedings{denis:hal-03695835,
  TITLE = {{One core dedicated to MPI nonblocking communication progression? A model to assess whether it is worth it}},
  AUTHOR = {Denis, Alexandre and Jaeger, Julien and Jeannot, Emmanuel and Reynier, Florian},
  URL = {https://inria.hal.science/hal-03695835},
  BOOKTITLE = {{International Symposium on Cluster, Cloud and Internet Computing (CCGRID)}},
  ADDRESS = {Taormina, Italy},
  YEAR = {2022},
  MONTH = May,
  PDF = {https://inria.hal.science/hal-03695835/file/article.pdf},
  HAL_ID = {hal-03695835},
  HAL_VERSION = {v1},
}

@misc{internshipMathieu,
  author = {Mathieu Barbe},
  note   = {Chez Bull (Atos). Grenoble INP - ENSIMAG},
  title  = {Rapport de projet de fin d'Ã©tudes : Design and implement interrupt-handling code of a low-latency network adapter Linux driver},
  year   = {18 mars 2019 - 27 septembre 2019},
  url = {}
}

@inproceedings{denis:hal-01087775,
  TITLE = {{pioman: a pthread-based Multithreaded Communication Engine}},
  AUTHOR = {Denis, Alexandre},
  URL = {https://inria.hal.science/hal-01087775},
  BOOKTITLE = {{Euromicro International Conference on Parallel, Distributed and Network-based Processing}},
  ADDRESS = {Turku, Finland},
  YEAR = {2015},
  MONTH = Mar,
  KEYWORDS = {MPI ; pioman ; NewMadeleine},
  PDF = {https://inria.hal.science/hal-01087775/file/final.pdf},
  HAL_ID = {hal-01087775},
  HAL_VERSION = {v1},
}

@inproceedings{denis:hal-01324179,
  TITLE = {{MPI Overlap: Benchmark and Analysis}},
  AUTHOR = {Denis, Alexandre and Trahay, Fran{\c c}ois},
  URL = {https://inria.hal.science/hal-01324179},
  BOOKTITLE = {{International Conference on Parallel Processing}},
  ADDRESS = {Philadelphia, United States},
  SERIES = {45th International Conference on Parallel Processing },
  YEAR = {2016},
  MONTH = Aug,
  KEYWORDS = {MPI ;  overlap ;  benchmark},
  PDF = {https://inria.hal.science/hal-01324179/file/final.pdf},
  HAL_ID = {hal-01324179},
  HAL_VERSION = {v1},
}

@inproceedings{aumage:inria-00127356,
  TITLE = {{NewMadeleine: a Fast Communication Scheduling Engine for High Performance Networks}},
  AUTHOR = {Aumage, Olivier and Brunet, Elisabeth and Furmento, Nathalie and Namyst, Raymond},
  URL = {https://inria.hal.science/inria-00127356},
  BOOKTITLE = {{Workshop on Communication Architecture for Clusters (CAC 2007), workshop held in conjunction with IPDPS 2007}},
  ADDRESS = {Long Beach, California, United States},
  YEAR = {2007},
  MONTH = Mar,
  KEYWORDS = {NewMadeleine},
  PDF = {https://inria.hal.science/inria-00127356/file/cac-final.pdf},
  HAL_ID = {inria-00127356},
  HAL_VERSION = {v1},
}
